%YAML 1.1
%TAG !u! tag:unity3d.com,2011:
--- !u!1 &2363951236932119660
GameObject:
  m_ObjectHideFlags: 0
  m_CorrespondingSourceObject: {fileID: 0}
  m_PrefabInstance: {fileID: 0}
  m_PrefabAsset: {fileID: 0}
  serializedVersion: 6
  m_Component:
  - component: {fileID: 2363951236932119657}
  - component: {fileID: 2363951236932119658}
  - component: {fileID: 2363951236932119659}
  m_Layer: 0
  m_Name: ForwardKinematic
  m_TagString: Untagged
  m_Icon: {fileID: 0}
  m_NavMeshLayer: 0
  m_StaticEditorFlags: 0
  m_IsActive: 1
--- !u!4 &2363951236932119657
Transform:
  m_ObjectHideFlags: 0
  m_CorrespondingSourceObject: {fileID: 0}
  m_PrefabInstance: {fileID: 0}
  m_PrefabAsset: {fileID: 0}
  m_GameObject: {fileID: 2363951236932119660}
  m_LocalRotation: {x: 0, y: 0, z: 0, w: 1}
  m_LocalPosition: {x: 0, y: 0, z: 0}
  m_LocalScale: {x: 1, y: 1, z: 1}
  m_Children:
  - {fileID: 307021952955856493}
  m_Father: {fileID: 0}
  m_RootOrder: 0
  m_LocalEulerAnglesHint: {x: 0, y: 0, z: 0}
--- !u!114 &2363951236932119658
MonoBehaviour:
  m_ObjectHideFlags: 0
  m_CorrespondingSourceObject: {fileID: 0}
  m_PrefabInstance: {fileID: 0}
  m_PrefabAsset: {fileID: 0}
  m_GameObject: {fileID: 2363951236932119660}
  m_Enabled: 1
  m_EditorHideFlags: 0
  m_Script: {fileID: 11500000, guid: 1e32015ea2834487bae79a097c9f8549, type: 3}
  m_Name: 
  m_EditorClassIdentifier: 
  _parts:
  - Transform: {fileID: 307021952955856493}
    Angle: {x: 0, y: 0, z: 45}
  - Transform: {fileID: 307021951615436401}
    Angle: {x: 0, y: 0, z: 90}
  - Transform: {fileID: 307021951326093140}
    Angle: {x: 0, y: 0, z: 30}
  - Transform: {fileID: 307021952127290492}
    Angle: {x: 0, y: 0, z: 60}
  _lineRenderer: {fileID: 2363951236932119659}
--- !u!120 &2363951236932119659
LineRenderer:
  m_ObjectHideFlags: 0
  m_CorrespondingSourceObject: {fileID: 0}
  m_PrefabInstance: {fileID: 0}
  m_PrefabAsset: {fileID: 0}
  m_GameObject: {fileID: 2363951236932119660}
  m_Enabled: 1
  m_CastShadows: 1
  m_ReceiveShadows: 1
  m_DynamicOccludee: 1
  m_MotionVectors: 0
  m_LightProbeUsage: 0
  m_ReflectionProbeUsage: 0
  m_RayTracingMode: 0
  m_RenderingLayerMask: 1
  m_RendererPriority: 0
  m_Materials:
  - {fileID: 2100000, guid: b9fea75b0b99e8f4a80b2d6a028b03a8, type: 2}
  m_StaticBatchInfo:
    firstSubMesh: 0
    subMeshCount: 0
  m_StaticBatchRoot: {fileID: 0}
  m_ProbeAnchor: {fileID: 0}
  m_LightProbeVolumeOverride: {fileID: 0}
  m_ScaleInLightmap: 1
  m_ReceiveGI: 1
  m_PreserveUVs: 0
  m_IgnoreNormalsForChartDetection: 0
  m_ImportantGI: 0
  m_StitchLightmapSeams: 1
  m_SelectedEditorRenderState: 3
  m_MinimumChartSize: 4
  m_AutoUVMaxDistance: 0.5
  m_AutoUVMaxAngle: 89
  m_LightmapParameters: {fileID: 0}
  m_SortingLayerID: 0
  m_SortingLayer: 0
  m_SortingOrder: 0
  m_Positions:
  - {x: 0, y: 0, z: 0}
  - {x: 0.5, y: 0, z: 0}
  - {x: 1, y: 0, z: 0}
  - {x: 1.5, y: 0, z: 0}
  m_Parameters:
    serializedVersion: 3
    widthMultiplier: 1
    widthCurve:
      serializedVersion: 2
      m_Curve:
      - serializedVersion: 3
        time: 0
        value: 0.02
        inSlope: 0
        outSlope: 0
        tangentMode: 0
        weightedMode: 0
        inWeight: 0.33333334
        outWeight: 0.33333334
      m_PreInfinity: 2
      m_PostInfinity: 2
      m_RotationOrder: 4
    colorGradient:
      serializedVersion: 2
      key0: {r: 0.9985491, g: 1, b: 0.4198113, a: 1}
      key1: {r: 0.69803923, g: 1, b: 0, a: 1}
      key2: {r: 0, g: 1, b: 0, a: 0}
      key3: {r: 0, g: 0, b: 0, a: 0}
      key4: {r: 0, g: 0, b: 0, a: 0}
      key5: {r: 0, g: 0, b: 0, a: 0}
      key6: {r: 0, g: 0, b: 0, a: 0}
      key7: {r: 0, g: 0, b: 0, a: 0}
      ctime0: 0
      ctime1: 30055
      ctime2: 65388
      ctime3: 0
      ctime4: 0
      ctime5: 0
      ctime6: 0
      ctime7: 0
      atime0: 0
      atime1: 65535
      atime2: 0
      atime3: 0
      atime4: 0
      atime5: 0
      atime6: 0
      atime7: 0
      m_Mode: 0
      m_NumColorKeys: 3
      m_NumAlphaKeys: 2
    numCornerVertices: 0
    numCapVertices: 0
    alignment: 0
    textureMode: 0
    shadowBias: 0.5
    generateLightingData: 0
  m_UseWorldSpace: 1
  m_Loop: 0
--- !u!1001 &2363951237415174401
PrefabInstance:
  m_ObjectHideFlags: 0
  serializedVersion: 2
  m_Modification:
    m_TransformParent: {fileID: 2363951236932119657}
    m_Modifications:
    - target: {fileID: 2633677754474968928, guid: b68c06525d32baa44ab2e94bb737a05e,
        type: 3}
      propertyPath: m_Name
      value: Grabbable Sphere
      objectReference: {fileID: 0}
    - target: {fileID: 2633677754474968940, guid: b68c06525d32baa44ab2e94bb737a05e,
        type: 3}
      propertyPath: m_LocalPosition.x
      value: 0
      objectReference: {fileID: 0}
    - target: {fileID: 2633677754474968940, guid: b68c06525d32baa44ab2e94bb737a05e,
        type: 3}
      propertyPath: m_LocalPosition.y
      value: 0
      objectReference: {fileID: 0}
    - target: {fileID: 2633677754474968940, guid: b68c06525d32baa44ab2e94bb737a05e,
        type: 3}
      propertyPath: m_LocalPosition.z
      value: 0
      objectReference: {fileID: 0}
    - target: {fileID: 2633677754474968940, guid: b68c06525d32baa44ab2e94bb737a05e,
        type: 3}
      propertyPath: m_LocalRotation.x
      value: 0
      objectReference: {fileID: 0}
    - target: {fileID: 2633677754474968940, guid: b68c06525d32baa44ab2e94bb737a05e,
        type: 3}
      propertyPath: m_LocalRotation.y
      value: 0
      objectReference: {fileID: 0}
    - target: {fileID: 2633677754474968940, guid: b68c06525d32baa44ab2e94bb737a05e,
        type: 3}
      propertyPath: m_LocalRotation.z
      value: 0
      objectReference: {fileID: 0}
    - target: {fileID: 2633677754474968940, guid: b68c06525d32baa44ab2e94bb737a05e,
        type: 3}
      propertyPath: m_LocalRotation.w
      value: 1
      objectReference: {fileID: 0}
    - target: {fileID: 2633677754474968940, guid: b68c06525d32baa44ab2e94bb737a05e,
        type: 3}
      propertyPath: m_RootOrder
      value: 0
      objectReference: {fileID: 0}
    - target: {fileID: 2633677754474968940, guid: b68c06525d32baa44ab2e94bb737a05e,
        type: 3}
      propertyPath: m_LocalEulerAnglesHint.x
      value: 90
      objectReference: {fileID: 0}
    - target: {fileID: 2633677754474968940, guid: b68c06525d32baa44ab2e94bb737a05e,
        type: 3}
      propertyPath: m_LocalEulerAnglesHint.y
      value: 0
      objectReference: {fileID: 0}
    - target: {fileID: 2633677754474968940, guid: b68c06525d32baa44ab2e94bb737a05e,
        type: 3}
      propertyPath: m_LocalEulerAnglesHint.z
      value: 0
      objectReference: {fileID: 0}
    - target: {fileID: 2633677754474968941, guid: b68c06525d32baa44ab2e94bb737a05e,
        type: 3}
      propertyPath: m_UseGravity
      value: 1
      objectReference: {fileID: 0}
    m_RemovedComponents:
    - {fileID: 2633677754474968931, guid: b68c06525d32baa44ab2e94bb737a05e, type: 3}
    - {fileID: 2633677754474968930, guid: b68c06525d32baa44ab2e94bb737a05e, type: 3}
    - {fileID: 2633677754474968941, guid: b68c06525d32baa44ab2e94bb737a05e, type: 3}
  m_SourcePrefab: {fileID: 100100000, guid: b68c06525d32baa44ab2e94bb737a05e, type: 3}
--- !u!4 &307021952955856493 stripped
Transform:
  m_CorrespondingSourceObject: {fileID: 2633677754474968940, guid: b68c06525d32baa44ab2e94bb737a05e,
    type: 3}
  m_PrefabInstance: {fileID: 2363951237415174401}
  m_PrefabAsset: {fileID: 0}
--- !u!1001 &2363951237933418552
PrefabInstance:
  m_ObjectHideFlags: 0
  serializedVersion: 2
  m_Modification:
    m_TransformParent: {fileID: 307021951615436401}
    m_Modifications:
    - target: {fileID: 2633677754474968928, guid: b68c06525d32baa44ab2e94bb737a05e,
        type: 3}
      propertyPath: m_Name
      value: Grabbable Sphere (2)
      objectReference: {fileID: 0}
    - target: {fileID: 2633677754474968940, guid: b68c06525d32baa44ab2e94bb737a05e,
        type: 3}
      propertyPath: m_LocalPosition.x
      value: 0.5
      objectReference: {fileID: 0}
    - target: {fileID: 2633677754474968940, guid: b68c06525d32baa44ab2e94bb737a05e,
        type: 3}
      propertyPath: m_LocalPosition.y
      value: 0
      objectReference: {fileID: 0}
    - target: {fileID: 2633677754474968940, guid: b68c06525d32baa44ab2e94bb737a05e,
        type: 3}
      propertyPath: m_LocalPosition.z
      value: 0
      objectReference: {fileID: 0}
    - target: {fileID: 2633677754474968940, guid: b68c06525d32baa44ab2e94bb737a05e,
        type: 3}
      propertyPath: m_LocalRotation.x
      value: 0
      objectReference: {fileID: 0}
    - target: {fileID: 2633677754474968940, guid: b68c06525d32baa44ab2e94bb737a05e,
        type: 3}
      propertyPath: m_LocalRotation.y
      value: 0
      objectReference: {fileID: 0}
    - target: {fileID: 2633677754474968940, guid: b68c06525d32baa44ab2e94bb737a05e,
        type: 3}
      propertyPath: m_LocalRotation.z
      value: 0
      objectReference: {fileID: 0}
    - target: {fileID: 2633677754474968940, guid: b68c06525d32baa44ab2e94bb737a05e,
        type: 3}
      propertyPath: m_LocalRotation.w
      value: 1
      objectReference: {fileID: 0}
    - target: {fileID: 2633677754474968940, guid: b68c06525d32baa44ab2e94bb737a05e,
        type: 3}
      propertyPath: m_RootOrder
      value: 5
      objectReference: {fileID: 0}
    - target: {fileID: 2633677754474968940, guid: b68c06525d32baa44ab2e94bb737a05e,
        type: 3}
      propertyPath: m_LocalEulerAnglesHint.x
      value: 0
      objectReference: {fileID: 0}
    - target: {fileID: 2633677754474968940, guid: b68c06525d32baa44ab2e94bb737a05e,
        type: 3}
      propertyPath: m_LocalEulerAnglesHint.y
      value: 0
      objectReference: {fileID: 0}
    - target: {fileID: 2633677754474968940, guid: b68c06525d32baa44ab2e94bb737a05e,
        type: 3}
      propertyPath: m_LocalEulerAnglesHint.z
      value: 0
      objectReference: {fileID: 0}
    m_RemovedComponents:
    - {fileID: 2633677754474968931, guid: b68c06525d32baa44ab2e94bb737a05e, type: 3}
    - {fileID: 2633677754474968930, guid: b68c06525d32baa44ab2e94bb737a05e, type: 3}
    - {fileID: 2633677754474968941, guid: b68c06525d32baa44ab2e94bb737a05e, type: 3}
  m_SourcePrefab: {fileID: 100100000, guid: b68c06525d32baa44ab2e94bb737a05e, type: 3}
--- !u!4 &307021951326093140 stripped
Transform:
  m_CorrespondingSourceObject: {fileID: 2633677754474968940, guid: b68c06525d32baa44ab2e94bb737a05e,
    type: 3}
  m_PrefabInstance: {fileID: 2363951237933418552}
  m_PrefabAsset: {fileID: 0}
--- !u!1001 &2363951238214398237
PrefabInstance:
  m_ObjectHideFlags: 0
  serializedVersion: 2
  m_Modification:
    m_TransformParent: {fileID: 307021952955856493}
    m_Modifications:
    - target: {fileID: 2633677754474968928, guid: b68c06525d32baa44ab2e94bb737a05e,
        type: 3}
      propertyPath: m_Name
      value: Grabbable Sphere (1)
      objectReference: {fileID: 0}
    - target: {fileID: 2633677754474968940, guid: b68c06525d32baa44ab2e94bb737a05e,
        type: 3}
      propertyPath: m_LocalPosition.x
      value: 0.5
      objectReference: {fileID: 0}
    - target: {fileID: 2633677754474968940, guid: b68c06525d32baa44ab2e94bb737a05e,
        type: 3}
      propertyPath: m_LocalPosition.y
      value: 0
      objectReference: {fileID: 0}
    - target: {fileID: 2633677754474968940, guid: b68c06525d32baa44ab2e94bb737a05e,
        type: 3}
      propertyPath: m_LocalPosition.z
      value: 0
      objectReference: {fileID: 0}
    - target: {fileID: 2633677754474968940, guid: b68c06525d32baa44ab2e94bb737a05e,
        type: 3}
      propertyPath: m_LocalRotation.x
      value: 0
      objectReference: {fileID: 0}
    - target: {fileID: 2633677754474968940, guid: b68c06525d32baa44ab2e94bb737a05e,
        type: 3}
      propertyPath: m_LocalRotation.y
      value: 0
      objectReference: {fileID: 0}
    - target: {fileID: 2633677754474968940, guid: b68c06525d32baa44ab2e94bb737a05e,
        type: 3}
      propertyPath: m_LocalRotation.z
      value: 0
      objectReference: {fileID: 0}
    - target: {fileID: 2633677754474968940, guid: b68c06525d32baa44ab2e94bb737a05e,
        type: 3}
      propertyPath: m_LocalRotation.w
      value: 1
      objectReference: {fileID: 0}
    - target: {fileID: 2633677754474968940, guid: b68c06525d32baa44ab2e94bb737a05e,
        type: 3}
      propertyPath: m_RootOrder
      value: 5
      objectReference: {fileID: 0}
    - target: {fileID: 2633677754474968940, guid: b68c06525d32baa44ab2e94bb737a05e,
        type: 3}
      propertyPath: m_LocalEulerAnglesHint.x
      value: 0
      objectReference: {fileID: 0}
    - target: {fileID: 2633677754474968940, guid: b68c06525d32baa44ab2e94bb737a05e,
        type: 3}
      propertyPath: m_LocalEulerAnglesHint.y
      value: 0
      objectReference: {fileID: 0}
    - target: {fileID: 2633677754474968940, guid: b68c06525d32baa44ab2e94bb737a05e,
        type: 3}
      propertyPath: m_LocalEulerAnglesHint.z
      value: 0
      objectReference: {fileID: 0}
    m_RemovedComponents:
    - {fileID: 2633677754474968931, guid: b68c06525d32baa44ab2e94bb737a05e, type: 3}
    - {fileID: 2633677754474968930, guid: b68c06525d32baa44ab2e94bb737a05e, type: 3}
    - {fileID: 2633677754474968941, guid: b68c06525d32baa44ab2e94bb737a05e, type: 3}
  m_SourcePrefab: {fileID: 100100000, guid: b68c06525d32baa44ab2e94bb737a05e, type: 3}
--- !u!4 &307021951615436401 stripped
Transform:
  m_CorrespondingSourceObject: {fileID: 2633677754474968940, guid: b68c06525d32baa44ab2e94bb737a05e,
    type: 3}
  m_PrefabInstance: {fileID: 2363951238214398237}
  m_PrefabAsset: {fileID: 0}
--- !u!1001 &2363951238726253328
PrefabInstance:
  m_ObjectHideFlags: 0
  serializedVersion: 2
  m_Modification:
    m_TransformParent: {fileID: 307021951326093140}
    m_Modifications:
    - target: {fileID: 2633677754474968928, guid: b68c06525d32baa44ab2e94bb737a05e,
        type: 3}
      propertyPath: m_Name
      value: Grabbable Sphere (3)
      objectReference: {fileID: 0}
    - target: {fileID: 2633677754474968940, guid: b68c06525d32baa44ab2e94bb737a05e,
        type: 3}
      propertyPath: m_LocalPosition.x
      value: 0.5
      objectReference: {fileID: 0}
    - target: {fileID: 2633677754474968940, guid: b68c06525d32baa44ab2e94bb737a05e,
        type: 3}
      propertyPath: m_LocalPosition.y
      value: 0
      objectReference: {fileID: 0}
    - target: {fileID: 2633677754474968940, guid: b68c06525d32baa44ab2e94bb737a05e,
        type: 3}
      propertyPath: m_LocalPosition.z
      value: 0
      objectReference: {fileID: 0}
    - target: {fileID: 2633677754474968940, guid: b68c06525d32baa44ab2e94bb737a05e,
        type: 3}
      propertyPath: m_LocalRotation.x
      value: 0
      objectReference: {fileID: 0}
    - target: {fileID: 2633677754474968940, guid: b68c06525d32baa44ab2e94bb737a05e,
        type: 3}
      propertyPath: m_LocalRotation.y
      value: 0
      objectReference: {fileID: 0}
    - target: {fileID: 2633677754474968940, guid: b68c06525d32baa44ab2e94bb737a05e,
        type: 3}
      propertyPath: m_LocalRotation.z
      value: 0
      objectReference: {fileID: 0}
    - target: {fileID: 2633677754474968940, guid: b68c06525d32baa44ab2e94bb737a05e,
        type: 3}
      propertyPath: m_LocalRotation.w
      value: 1
      objectReference: {fileID: 0}
    - target: {fileID: 2633677754474968940, guid: b68c06525d32baa44ab2e94bb737a05e,
        type: 3}
      propertyPath: m_RootOrder
      value: 5
      objectReference: {fileID: 0}
    - target: {fileID: 2633677754474968940, guid: b68c06525d32baa44ab2e94bb737a05e,
        type: 3}
      propertyPath: m_LocalEulerAnglesHint.x
      value: 0
      objectReference: {fileID: 0}
    - target: {fileID: 2633677754474968940, guid: b68c06525d32baa44ab2e94bb737a05e,
        type: 3}
      propertyPath: m_LocalEulerAnglesHint.y
      value: 0
      objectReference: {fileID: 0}
    - target: {fileID: 2633677754474968940, guid: b68c06525d32baa44ab2e94bb737a05e,
        type: 3}
      propertyPath: m_LocalEulerAnglesHint.z
      value: 0
      objectReference: {fileID: 0}
    m_RemovedComponents:
    - {fileID: 2633677754474968931, guid: b68c06525d32baa44ab2e94bb737a05e, type: 3}
    - {fileID: 2633677754474968930, guid: b68c06525d32baa44ab2e94bb737a05e, type: 3}
    - {fileID: 2633677754474968941, guid: b68c06525d32baa44ab2e94bb737a05e, type: 3}
  m_SourcePrefab: {fileID: 100100000, guid: b68c06525d32baa44ab2e94bb737a05e, type: 3}
--- !u!4 &307021952127290492 stripped
Transform:
  m_CorrespondingSourceObject: {fileID: 2633677754474968940, guid: b68c06525d32baa44ab2e94bb737a05e,
    type: 3}
  m_PrefabInstance: {fileID: 2363951238726253328}
  m_PrefabAsset: {fileID: 0}
